@manual{2015ns3_manual,
    abstract = {{This is the ns-3 Manual. Primary documentation for the ns-3 project is available in five forms:
    · ns-3 Doxygen: Documentation of the public APIs of the simulator
    · Tutorial, Manual (this document), and Model Library for the latest release and development tree
    · ns-3 wiki
This document is written in reStructuredText for Sphinx and is maintained in the doc/manual directory of ns-3's
source code.}},
    author = {{ns-3 project}},
    citeulike-article-id = {10886638},
    citeulike-linkout-0 = {http://www.nsnam.org/docs/release/3.24.1/manual/ns-3-manual.pdf},
    day = {15},
    howpublished = {Release ns-3.24.1},
    key = {ns-3 manual},
    keywords = {manual, ns3, simulator},
    month = sep,
    organization = {ns-3 project},
    posted-at = {2015-09-15 02:05:36},
    priority = {2},
    title = {{ns-3 Manual}},
    url = {http://www.nsnam.org/docs/release/3.24.1/manual/ns-3-manual.pdf},
    year = {2015}
}

# Papers
@inproceedings{lacage2006yet,
  title={Yet another network simulator},
  author={Lacage, Mathieu and Henderson, Thomas R},
  booktitle={Proceeding from the 2006 workshop on ns-2: the IP network simulator},
  pages={12},
  year={2006},
  organization={ACM}
}